@InProceedings{pattern_extraction_time_series,
author="Geurts, Pierre",
editor="De Raedt, Luc
and Siebes, Arno",
title="Pattern Extraction for Time Series Classification",
booktitle="Principles of Data Mining and Knowledge Discovery",
year="2001",
publisher="Springer Berlin Heidelberg",
address="Berlin, Heidelberg",
pages="115--127",
isbn="978-3-540-44794-8"
}

@Article{classification_smartphone_motion_sensors,
author="Wu, Wanmin
and Dasgupta, Sanjoy
and Ramirez, Ernesto E
and Peterson, Carlyn
and Norman, Gregory J",
title="Classification Accuracies of Physical Activities Using Smartphone Motion Sensors",
journal="J Med Internet Res",
year="2012",
month="Oct",
day="05",
volume="14",
number="5",
pages="e130",
keywords="Activity classification; machine learning; accelerometer; gyroscope; smartphone",
issn="1438-8871",
doi="10.2196/jmir.2208",
url="http://www.jmir.org/2012/5/e130/",
url="https://doi.org/10.2196/jmir.2208",
url="http://www.ncbi.nlm.nih.gov/pubmed/23041431"
}

@article{driver_passenger_identification_smartphone,
author = {Ahmad, Bashar and Langdon, Patrick and Liang, Jiaming and Godsill, Simon and Delgado, Mauricio and Popham, Thomas},
year = {2018},
month = {07},
pages = {1-11},
title = {Driver and Passenger Identification From Smartphone Data},
volume = {PP},
journal = {IEEE Transactions on Intelligent Transportation Systems},
doi = {10.1109/TITS.2018.2845113}
}

@inproceedings{framework_user_experience_car, author = {Panizzi, Emanuele and Calvitti, Daniele}, title = {A Framework to Enhance the User Experience of Car Mobile Applications}, year = {2018}, isbn = {9781450359412}, publisher = {Association for Computing Machinery}, address = {New York, NY, USA}, url = {https://doi.org/10.1145/3236112.3236146}, doi = {10.1145/3236112.3236146}, booktitle = {Proceedings of the 20th International Conference on Human-Computer Interaction with Mobile Devices and Services Adjunct}, pages = {245–252}, numpages = {8}, keywords = {car, smartphone, app, sensors, framework, parking}, location = {Barcelona, Spain}, series = {MobileHCI ’18} }

@article{data_quality_considerations,
author = "Gudivada, Venkat and Apon, Amy and Ding, Junhua",
year = "2017",
month = "07",
pages = "1-20",
title = "Data Quality Considerations for Big Data and Machine Learning: Going Beyond Data Cleaning and Transformations",
volume = "10",
journal = "International Journal on Advances in Software"
}

@inproceedings{data_cleaning, author = {Chu, Xu and Ilyas, Ihab F. and Krishnan, Sanjay and Wang, Jiannan}, title = {Data Cleaning: Overview and Emerging Challenges}, year = {2016}, isbn = {9781450335317}, publisher = {Association for Computing Machinery}, address = {New York, NY, USA}, url = {https://doi.org/10.1145/2882903.2912574}, doi = {10.1145/2882903.2912574}, booktitle = {Proceedings of the 2016 International Conference on Management of Data}, pages = {2201–2206}, numpages = {6}, keywords = {integrity constraints, sampling, data quality, statistical cleaning, data cleaning}, location = {San Francisco, California, USA}, series = {SIGMOD ’16} }

@article{data_preprocessing_supervised_learning,
author = {Kotsiantis, Sotiris and Kanellopoulos, Dimitris and Pintelas, P.},
year = {2006},
month = {01},
pages = {111-117},
title = {Data Preprocessing for Supervised Learning},
volume = {1},
journal = {International Journal of Computer Science}
}

@ARTICLE{applications_euler_rotation_angles,  author={T. {Milligan}},  journal={IEEE Antennas and Propagation Magazine},   title={More applications of Euler rotation angles},   year={1999},  volume={41},  number={4},  pages={78-83},}